@manual{IDSCreportClass,
	author = {<[first name] [last name] and [first name] [last name] and ...>},
	title = {<use {XX} to preserve capitalization of acronyms or german nouns>},
	language = {<english/german/...>},
	journal = <use an abbreviation as defined in IEEEabrv.bib>,
	volume = {},
	number = {},
	pages = {},
	year = {}
}